@InProceedings{fahrenberg05-hda,
  author = 	 {Fahrenberg, Ulrich},
  title = 	 {A Category of Higher-Dimensional Automata},
  booktitle =	 {Proc.\ FOSSACS'05},
  year =	 2005,
  series =	 {Lecture Notes in Computer Science},
  publisher =	 {Springer-Verlag},
  pages =        {187--201},
  volume =       3441
}

@TechReport{fahrenberg05-hda-long,
  author = 	 {Fahrenberg, Ulrich},
  title = 	 {Bisimulation for Higher-Dimensional Automata. {A} Geometric Interpretation},
  institution =  {Department of Mathematical Sciences, Aalborg University},
  year = 	 2005,
  type =	 {Research report},
  number =	 {R-2005-01},
  note =	 {\url{http://www.math.aau.dk/research/reports/R-2005-01.ps}.
                 Extended version of \cite{fahrenberg05-hda}}
}


